3642 5759
311 1617 696 1732 trituramus
727 1567 935 1715 summu
952 1625 1307 1714 valtramum!
1336 1569 1524 1712 cantem

312 1743 648 1858 mnophylacium
677 1746 778 1834 illud
810 1749 1071 1862 Glocltictnum
1096 1774 1171 1860 per
1187 1749 1421 1852 triennium,
1437 1771 1522 1858 quo

284 1853 560 1998 klsstatrcolurti
597 1866 907 1975 commorabar,
936 1863 1222 1980 frequentandi
1248 1867 1291 1956 id
1316 1865 1449 1950 multo
1468 1859 1522 1949 fa·

284 1975 500 2078 ¹,fll1usest
531 1983 639 2070 milti
675 1985 896 2072 redditum.

297 2205 314 2246 '¹
410 2221 512 2329 Qto
544 2211 680 2306 maior
715 2209 813 2322 luit,
851 2243 934 2333 qua
968 2209 1086 2308 lexici
1126 2215 1208 2308 mei
1248 2215 1457 2304 volumina
1482 2218 1526 2302 in

322 2321 434 2420 lucem
464 2339 682 2452 publicam
710 2339 788 2422 iam
814 2337 947 2426 emilia
979 2339 1196 2453 suscepistis
1220 2333 1453 2443 liberalitas,
1485 2361 1526 2419 ct

325 2473 393 2560 quo
422 2453 619 2544 illustrior
633 2459 761 2571 gratia
776 2455 1007 2543 VESTRA
1023 2487 1064 2544 et
1082 2455 1385 2561 beneuolentiq
1400 2481 1528 2566 quam

327 2573 407 2656 tiua
427 2573 557 2664 vllum
587 2601 732 2662 meum
765 2581 960 2660 meritum
992 2583 1033 2661 itt
1062 2601 1128 2662 me
1157 2577 1310 2660 exstare
1340 2572 1527 2678 voluistis,

331 2709 373 2770 ta
395 2689 550 2782 alacrior
583 2699 627 2780 in
653 2693 730 2780 bac
754 2693 819 2778 via
846 2693 1057 2808 hucusque
1086 2693 1320 2809 progressus
1347 2689 1445 2776 sum.

428 2923 691 3044 Qtamquam
717 2945 819 3016 veto
849 2927 968 3016 lexici
1005 2933 1088 3016 mei
1127 2923 1393 3016 numismatici
1430 2951 1530 3012 non,

332 3039 411 3130 tlum
448 3075 554 3134 tanta
602 3048 661 3133 est
700 3043 922 3162 perfe'biio,
960 3069 1008 3135 rt
1046 3049 1146 3135 nihil
1185 3045 1359 3158 amplius
1396 3044 1438 3130 in
1476 3071 1526 3130 eo

311 3159 521 3254 'leiderari
554 3181 702 3283 qu'eat:
738 3167 943 3284 gratissimi
973 3189 1107 3256 tamen
1145 3169 1266 3253 animi
1302 3159 1413 3248 fideli
1447 3189 1529 3248 me·

334 3273 437 3370 uaria
463 3315 503 3372 et
534 3285 738 3402 propensa
778 3285 1006 3374 VESTRA
1038 3287 1222 3399 mihique
1259 3283 1527 3398 perhonorifi-

322 3405 372 3482 ”u
390 3403 593 3490 voluntate
631 3405 801 3490 mirifice
841 3411 1036 3492 excitatus
1073 3431 1264 3521 pergam,
1299 3401 1456 3518 reliqua
1486 3401 1528 3486 il·

336 3509 393 3604 lus
415 3523 646 3632 volumina,
683 3523 845 3610 simulac
874 3527 1075 3640 quodque
1113 3525 1248 3610 luccm
1285 3515 1526 3634 adspexerit,

336 3635 373 3722 td
397 3639 754 3758 praestantissimam
773 3645 1054 3732 VESTllth
1075 3643 1365 3731 bibliothecam
1395 3639 1526 3752 publi-

338 3775 403 3842 um
428 3767 713 3868 transmittere,
743 3763 953 3848 confidens
982 3763 1199 3877 equidem,
1226 3764 1338 3864 sore,
1368 3783 1413 3844 vt
1433 3755 1527 3844 hoc·

287 3923 289 3930 ·
324 3891 373 3978 5.ss
393 3879 593 3986 volumen,
623 3881 738 3994 quod
765 3879 942 3992 VOBlS,
971 3885 1081 3968 Vllll
1101 3873 1527 3981 Pssurbbvsrltua

342 3977 651 4108 luvsTRES,
712 3989 1261 4087 EXCELLENTISSlMl!
1319 4017 1527 4109 tamquam

340 4115 512 4220 mtffimi
544 4121 629 4204 mei
663 4121 785 4206 animi
814 4117 1078 4233 summaeque
1103 4118 1375 4234 veneratipnis
1409 4119 1528 4202 intet-

287 4235 291 4264 '
429 4263 465 4320 m
503 4265 552 4324 ac
590 4241 730 4324 testem
769 4237 981 4345 consecro,
1012 4265 1137 4354 quam
1174 4232 1448 4352 gratiostffime
1482 4257 1529 4320 ac

287 4363 290 4378 '
401 4354 686 4454 tuolentiliime
721 4359 931 4464 accipiatis.

287 4619 291 4638 ·
424 4593 609 4680 Tantum
649 4579 820 4701 abesse„
840 4582 942 4678 milti
978 4583 1149 4677 credatis
1185 4583 1333 4696 velim,
1365 4608 1412 4675 vr
1445 4609 1531 4675 vm·

287 4723 295 4784 ι
346 4713 437 4812 qum
461 4713 732 4800 intermittam
760 4731 830 4798 aut
860 4704 1083 4824 defatiget,
1111 4710 1349 4824 lbptemum
1375 4733 1530 4792 numen

287 4859 296 4878 ·
346 4839 402 4930 lto
421 4825 693 4924 llorentiffimo
735 4823 907 4946 inclytae
938 4829 1187 4942 reipublicae
1227 4829 1533 4940 Fruttcofurttn·

949 4957 1031 5058 >lt
1493 4947 1548 5060 ta-
