3642 5759
400 515 497 594 ain
987 455 993 470 ’
1055 517 1153 596 Tlit
1302 545 1374 616 510

323 687 363 748 *iae
378 699 407 746 et
418 686 510 748 nuris
527 698 677 764 portaque
693 703 766 748 no·.
782 687 930 766 delphino¹
962 688 1062 763 vesti,
1096 705 1173 768 quae
1204 688 1386 752 laisensreua'

324 768 583 831 amicabilisiitu.
624 767 747 830 Nomen
783 771 890 831 Cariae
923 785 953 830 et
974 771 1160 844 Corinthiis,
1192 789 1317 848 quorum
1343 776 1373 834 in

323 848 522 921 timtrls,ctii
544 848 662 914 adlidet.
683 848 749 907 Psi·
781 854 879 911 muniis
899 867 1103 928 argumentum
1124 865 1238 911 nutum.
1278 854 1373 928 Quod

328 928 391 989 ieet.
403 931 450 994 16.
477 927 748 1009 Tartatamsoppi·
782 933 879 991 censet
896 929 1042 1010 Papsrrius
1058 935 1210 992 Luceriae
1232 934 1258 992 Τ
1263 955 1321 994 oio.
1347 935 1370 994 l.

323 1025 413 1071 ouum
454 1006 619 1091 Stephana:
652 1019 747 1084 τάμς,
782 1031 812 1092 p.
827 1028 875 1089 49.
900 1029 938 1072 eo
959 1014 1093 1074 exliiueri
1114 1011 1295 1094 Neptunum,
1311 1015 1373 1073 suia

323 1101 367 1158 ar,
391 1088 559 1157 densata
573 1087 748 1165 §puditumst
781 1094 1290 1165 numuruminspectionetel'eilitur.
1313 1095 1374 1153 Va·
1400 1103 1403 1108 ’

323 1177 423 1241 pariae.
461 1165 693 1242 Tartareum
710 1174 747 1232 ab
780 1174 927 1233 cientibus
947 1174 1097 1233 sententiis
1118 1177 1245 1232 maiitne
1267 1185 1375 1248 proba·

323 1291 335 1322 ‚
367 1251 521 1317 mollitio,
562 1267 597 1311 ac
632 1269 748 1312 morum
782 1255 852 1313 bilis
874 1255 934 1324 est,
966 1261 1040 1331 quae
1075 1253 1230 1314 Tarauram
1250 1256 1373 1316 heroem

323 1345 349 1390 te
387 1334 545 1408 cognitae,
565 1334 662 1392 numia
683 1351 750 1394 mu·
782 1345 886 1408 putat,
906 1334 975 1408 quia
992 1335 1109 1414 insuper
1130 1336 1298 1395 Aristotelis
1321 1355 1373 1395 eo·

323 1428 338 1470 ι
370 1414 530 1478 obtendant,
604 1415 749 1492 Argentel
784 1416 848 1475 aeui
870 1413 1008 1489 lliffraqio
1031 1421 1265 1488 comprobatur,
1300 1423 1372 1474 trite

323 1509 356 1552 to
382 1493 489 1554 horum
519 1497 630 1569 ingenti
661 1496 750 1568 copia
785 1494 903 1555 Polluce
929 1497 966 1554 l..
987 1495 1078 1556 lX.c.
1099 1501 1129 1555 6.
1149 1493 1238 1573 §.so
1280 1497 1373 1576 Quod

323 1572 444 1644 riores,
496 1588 526 1633 et
567 1576 648 1649 quod
694 1576 749 1634 mi·
783 1594 858 1634 vero
891 1576 974 1634 varia
1001 1579 1140 1635 attributa
1172 1595 1259 1634 uranu
1288 1595 1368 1648 prae·

323 1671 398 1713 teum
421 1655 471 1714 vix
493 1659 633 1728 reperias.
676 1652 748 1715 aci·
783 1660 861 1716 serre
884 1658 1032 1724 videmus,
1054 1673 1090 1714 oo
1113 1656 1225 1714 diuersa
1246 1653 1316 1716 felia
1335 1675 1370 1716 ac

351 1733 420 1795 Vct.
445 1754 475 1810 p.
498 1751 547 1809 31.
568 1743 620 1779 ¹·-
670 1735 749 1794 ''De
782 1739 943 1797 certamina
975 1737 1100 1794 indicari
1129 1743 1248 1795 videtur
1271 1739 1365 1796 verili-

323 1812 411 1896 'plana
440 1813 518 1874 ertia
539 1827 572 1891 et
592 1820 689 1896 equire
716 1819 748 1875 in
782 1819 869 1888 niilt3
898 1816 937 1877 src
958 1833 1024 1876 cuin
1047 1819 1164 1876 botrum
1188 1834 1236 1874 ain
1258 1821 1371 1886 aliur-pm

324 1913 387 1956 rum
413 1898 635 1957 numismatibus
656 1901 747 1956 abtin·
783 1899 920 1967 ostentat,
936 1894 1096 1976 Dionysrap
1120 1915 1184 1957 cum
1200 1900 1373 1972 tridentem,

359 1976 395 2035 ab
430 1978 626 2054 antiquariis,
664 1977 747 2040 Gaia.
785 1979 955 2058 Naprasi13
977 1993 1043 2036 cum
1064 1980 1189 2050 clauom,
1213 1980 1372 2050 lirina-ea,-

323 2058 401 2132 Tagn.
421 2059 527 2124 Graec.
544 2075 563 2132 p
585 2059 670 2136 294.)
694 2058 747 2117 ue·
782 2078 848 2120 cum
869 2061 1032 2131 tripodem,
1052 2059 1261 2138 apollinarius
1302 2076 1370 2118 cum

323 2139 375 2198 Br.
393 2139 415 2196 l.
438 2157 469 2217 p.
486 2143 573 2219 324.)
598 2136 747 2199 Hardam.
782 2155 952 2213 coronam,
984 2151 1145 2217 pracerum
1176 2135 1280 2197 uideri
1311 2153 1372 2202 etc.

323 2237 344 2290 p.
367 2236 396 2293 p.
418 2227 489 2296 483.
511 2224 561 2281 val
581 2222 671 2295 Oper.
687 2220 747 2283 Sei.
781 2238 907 2299 quorum
927 2222 1058 2280 omnium
1071 2221 1181 2286 Taras,
1191 2223 1302 2296 quippe
1319 2237 1370 2280 vr·

323 2317 345 2362 e.
379 2300 494 2359 tametsi
529 2319 590 2362 non
625 2319 684 2361 viia
713 2299 747 2360 fit
781 2304 826 2363 bis
848 2301 1001 2373 conditor,
1022 2301 1107 2362 irelut
1126 2301 1252 2377 largitor
1273 2313 1304 2360 et
1321 2317 1372 2360 au·

323 2397 404 2441 oens.
445 2382 502 2440 illa
521 2384 656 2459 plerique
690 2379 748 2442 Ta·
781 2383 845 2444 sior
880 2381 1116 2458 sacrificaretur:
1159 2382 1273 2458 alioqui
1298 2383 1372 2441 teile

323 2462 450 2539 >septuns
471 2462 587 2535 iillum,
615 2475 646 2524 et
664 2461 747 2522 vrbis
779 2459 922 2523 Strabone
942 2463 978 2523 l..
996 2463 1048 2520 Vl.
1061 2479 1093 2536 p.
1104 2469 1173 2535 280.
1191 2462 1281 2524 luxus
1293 2463 1369 2522 adeo

323 2559 342 2600 u
365 2543 492 2618 intelligi
512 2545 638 2616 volunt,
664 2544 747 2621 quoa
780 2543 905 2606 Tarenti
925 2544 1074 2612 inualult,
1092 2555 1127 2602 vt
1148 2543 1235 2622 plaut
1252 2543 1295 2601 ibi
1317 2560 1372 2614 per

323 2627 549 2696 ipronandum,
571 2640 746 2701 quamquam
780 2641 888 2686 annum
910 2623 982 2684 sella
1003 2623 1123 2696 publica
1137 2622 1370 2694 celebrarentiu,
1401 2665 1419 2682 ..

324 2707 394 2764 edat
423 2702 543 2767 Erklrl.
565 2705 654 2764 Num.
675 2705 745 2768 Vct.
780 2711 868 2784 quani
889 2705 953 2765 dier
974 2720 1067 2762 atinus
1089 2702 1222 2766 liaberet.
1244 2731 1278 2745 -
1308 2705 1371 2785 Qui

327 2799 433 2844 anana
462 2783 619 2844 Tarracina
640 2786 748 2862 fignifi-
780 2787 905 2865 equitem
932 2785 1028 2866 partis
1050 2778 1171 2854 auersae
1192 2779 1372 2843 Phalantum

337 2882 398 2924 uox
419 2865 518 2924 arim
537 2868 644 2945 procul
666 2867 748 2925 omni
781 2878 907 2940 putant,
927 2864 1047 2924 sortaile
1071 2882 1087 2923 a
1108 2880 1182 2922 vero
1202 2881 1262 2924 non
1284 2864 1371 3002 apet-

324 2958 375 3016 at,
398 2964 464 3005 nam
483 2947 617 3007 aristotcs
639 2948 749 3008 Graeci
782 2962 904 3016 ratunt3
939 2959 1036 3005 tamen
1059 2945 1173 3022 potius,
1194 2946 1236 3006 ait
1256 2943 1297 3006 Ec
1317 2942 1373 3004 iel.

339 3035 425 3097 caru
445 3029 557 3088 dixere.
603 3029 644 3088 Et
665 3028 749 3100 ltine,
782 3028 875 3089 Num.
896 3023 968 3085 Vet.
992 3044 1020 3098 p.
1042 3041 1089 3100 33.
1109 3025 1240 3084 adducor
1259 3039 1398 3106 utere-¹
1489 3095 1491 3100 Ι

324 3109 559 3184 grigentinorum
588 3110 686 3169 riumls
720 3122 750 3167 et
783 3109 873 3177 dam,
905 3103 1132 3165 Tarentinorum
1158 3107 1203 3164 rei
1233 3104 1373 3186 equestris

323 3203 351 3247 tt
370 3201 646 3261 aurarius-nunu,
665 3187 702 3248 fic
718 3191 749 3249 ln
778 3185 906 3264 pluriam
926 3205 960 3246 ae
971 3190 1132 3267 parentiam
1153 3187 1290 3258 indicari,
1302 3203 1371 3247 nam

323 3285 392 3328 trum
410 3284 603 3329 etranucat
622 3283 749 3330 carau-
781 3271 863 3333 mille
896 3270 1046 3345 equltatus
1086 3271 1178 3328 duces
1210 3267 1377 3328 numeraise

323 3347 469 3422 Accedit,
493 3352 575 3427 quod
594 3361 625 3409 ra
644 3365 749 3410 ransc
781 3351 882 3412 aristot
902 3351 943 3408 eil
967 3346 1073 3408 Straba
1093 3349 1112 3407 l.
1131 3366 1158 3408 c.
1179 3362 1210 3407 et
1231 3364 1293 3408 vox
1316 3367 1372 3410 aa·

323 3429 356 3490 iti
381 3431 519 3490 muliebri
540 3443 591 3491 aut
610 3432 694 3491 alteri
715 3431 747 3490 ii·
780 3438 919 3505 privinigen
932 3430 1111 3506 significabat
1126 3443 1267 3488 orinatum
1287 3443 1317 3487 et
1334 3430 1373 3490 ad

326 3527 360 3570 ae
381 3512 542 3571 Tarantem
564 3526 669 3571 notare
686 3530 747 3571 non
780 3527 895 3587 pugnae
932 3527 1031 3582 aptum
1064 3512 1226 3585 equitatum
1262 3511 1374 3569 facere.

324 3589 420 3652 stituta
445 3591 497 3652 est.
539 3589 748 3652 Allifanus·
785 3593 876 3652 Conf.
904 3588 1063 3674 Stephanus
1088 3595 1118 3649 in
1139 3598 1236 3658 τάρας.
1275 3586 1371 3668 Quod

323 3675 376 3732 itti
399 3687 524 3747 putant,
554 3673 616 3732 nixi
640 3667 750 3747 Paesta-
784 3688 815 3733 et
843 3671 946 3731 iisdem
976 3686 1069 3748 paene
1098 3671 1198 3730 verbis
1226 3683 1373 3730 memorat

323 3754 435 3825 nonio,
468 3756 519 3830 qui
543 3752 578 3814 L.
593 3755 630 3817 X.
653 3770 679 3814 c.
703 3769 749 3830 ¹3·
786 3749 957 3828 Eustochiae
993 3753 1029 3812 ad
1059 3751 1151 3812 Dion.
1185 3751 1299 3825 Perieg.
1337 3766 1370 3809 v.

323 3851 387 3894 time
409 3835 532 3895 heroem
555 3837 650 3896 i‘ratto
669 3836 754 3894 naui*
786 3835 854 3909 376.
895 3835 1129 3910 Argumentum,
1162 3849 1222 3907 quo
1245 3829 1374 3910 Brgrrrtr

334 3917 476 3986 delphino
497 3917 526 3974 in
550 3917 664 3975 ltaliam
680 3932 750 3974 ena·
784 3916 845 3976 Th.
865 3915 916 3975 Bt.
942 3916 967 3976 l.
991 3933 1022 3992 p.
1049 3930 1118 3992 323.
1147 3930 1204 3990 pto
1226 3909 1373 3971 Phalanto

324 3996 342 4054 d
372 3997 446 4057 illud
469 3998 616 4073 plerisque
643 3997 750 4054 mirum
783 4009 907 4072 pugnat,
931 3995 961 4054 in
983 3995 1133 4056 nonnullis
1151 3995 1247 4053 naamis
1262 3992 1375 4066 clipeo,

323 4077 374 4138 iod
395 4094 430 4136 ea
451 4077 545 4150 ligura
566 4069 749 4137 diuersorum
783 4092 870 4152 quent
892 4092 984 4152 eques
1004 4091 1091 4134 manu
1110 4073 1376 4149 praetendit,'del·

323 4160 462 4218 ittribntis
494 4172 598 4219 ornata
627 4171 750 4234 compa·
783 4157 906 4230 phinnm
926 4155 1104 4227 insculptum
1126 4155 1193 4226 eise,
1216 4169 1377 4233 propterea

346 4239 525 4307 tridentem,
546 4242 602 4298 iam
623 4240 750 4309 clarum,
785 4239 882 4297 rninus
903 4238 996 4303 valet,
1019 4236 1100 4314 ques
1125 4234 1201 4297 haec
1222 4235 1301 4312 figna
1323 4247 1377 4296 va·

323 4317 645 4381 tleametc.ostantans.
669 4319 750 4397 Quid
783 4318 886 4388 tlant,
925 4331 956 4376 et
982 4319 1014 4377 in
1044 4318 1111 4378 aliis
1141 4333 1196 4396 pro
1231 4316 1376 4398 delphino

323 4415 348 4458 to
375 4400 454 4460 aliud
481 4400 556 4459 nihil
584 4412 751 4464 notaretur,
786 4398 904 4464 astrum,
922 4413 1031 4474 equum
1054 4398 1197 4458 marinum
1217 4399 1377 4457 autetiam

323 4479 612 4540 annuereteribm
635 4480 751 4552 delphi·
785 4480 902 4539 litteras
916 4479 1038 4538 insertas
1059 4478 1267 4556 conspicimus.
1291 4476 1377 4552 Quin

323 4565 442 4630 carpasia.
464 4562 500 4620 de
520 4578 579 4638 qua
599 4560 671 4619 teste
690 4558 752 4619 l'li·
787 4563 889 4618 eadem
923 4558 999 4618 haec
1029 4559 1177 4637 signorum
1210 4561 1240 4618 in
1271 4558 1377 4631 clipeis

325 4683 333 4700 .
360 4655 390 4712 p.
414 4657 481 4717 soa
518 4643 610 4701 muita
632 4639 753 4713 prorsus
786 4642 914 4699 varietas
927 4643 1050 4700 multum
1072 4643 1153 4700 iuuat
1167 4638 1379 4708 coniecturam,

323 4735 500 4784 rennuerunt
523 4723 673 4800 speciatim
693 4721 754 4790 'sag
788 4723 918 4797 equitem
939 4719 1018 4780 lrunc
1039 4719 1181 4796 equellris
1198 4720 1381 4779 Tarentino·

323 4815 382 4876 :qtae
401 4806 476 4864 adeo
497 4815 527 4862 et
543 4801 642 4870 laisei
659 4803 751 4862 Brun·
786 4819 850 4861 tum
872 4800 998 4861 militiae
1019 4797 1077 4862 elle
1095 4814 1212 4878 typum,
1233 4812 1263 4856 et
1283 4798 1380 4857 diuer-

323 4893 341 4938 tt
363 4881 528 4944 Butuntinia
550 4885 651 4943 eadem
673 4884 751 4942 ratio
785 4880 822 4941 sis
845 4879 892 4941 his
913 4879 1001 4959 lignis
1016 4881 1144 4954 inutiles
1165 4892 1277 4939 turmas
1294 4877 1379 4938 suillo

323 4963 405 5026 auti
429 4967 461 5032 la
480 4977 601 5031 moneta
621 4963 751 5028 hominis
786 4961 1016 5029 discriminatae.
1055 4961 1145 5024 Hunc
1158 4973 1290 5058 veterem
1309 4977 1377 5018 mo·

1312 5058 1376 5100 rein
